% This file was created with JabRef 2.10b2.
% Encoding: UTF-8


@Article{Aehlig11,
  Title                    = {Casimir Forces via Worldline Numerics: Method Improvements and Potential Engineering Applications},
  Author                   = {Aehlig, K. and Dietart, H. and Fischbacher, T. and Gerhard, Jochen},
  Journal                  = {arXiv:1110.5936},
  Year                     = {2011}
}

@Book{Altland2011,
  Title                    = {Condensed Matter Field Theory},
  Author                   = {Altland, A. and Simons, B.},
  Publisher                = {Cambridge University Press},
  Year                     = {2011},
  Edition                  = {Second},

  __markedentry            = {[jonathan:6]}
}

@Article{Alton10,
  Title                    = {Strong interactions of single atoms and photons near dielectric boundary},
  Author                   = {Alton, D. J. and Stern, N. P. and Aoki, T. and Lee, H. and Ostby, E. and Vahala, K. J. and Kimble, H. J.},
  Journal                  = {Nature Physics},
  Year                     = {2011},
  Pages                    = {159},
  Volume                   = {7}
}

@Article{Alton2011,
  Title                    = {Strong interactions of single atoms and photons near a dielectric boundary},
  Author                   = {Alton, D. J. and Stern, N. P. and Aoki, Takao and Lee, H. and Ostby, E. and Vahala, K. J. and Kimble, H. J.},
  Journal                  = {Nat. Phys.},
  Year                     = {2011},
  Pages                    = {159-165},
  Volume                   = {7},

  __markedentry            = {[jonathan:6]}
}

@Article{Arnold1999,
  Title                    = {Symmetric path integrals for stochastic equations with multiplicative noise},
  Author                   = {Arnold, P.},
  Journal                  = {Phys. Rev. E},
  Year                     = {1999},
  Pages                    = {6099},
  Volume                   = {61},

  __markedentry            = {[jonathan:6]}
}

@Article{Ballentine2004,
  Title                    = {Quantum-to-classical limit in a Hamiltonian system},
  Author                   = {Ballentine, L. E.},
  Journal                  = {Phys. Rev. A},
  Year                     = {2004},
  Pages                    = {032111},
  Volume                   = {70},

  __markedentry            = {[jonathan:6]}
}

@Book{Bastianelli2003,
  Title                    = {Path Integrals and Anomalies in Curved Space},
  Author                   = {Bastianelli, F. and van Nieuwenhuizen, P},
  Publisher                = {Cambridge},
  Year                     = {2003},

  __markedentry            = {[jonathan:6]}
}

@Article{Bechler2006,
  Title                    = {Path-integral quantization of the electromagnetic field in the Hopfield dielectric beyond dipole approximation},
  Author                   = {Adam Bechler},
  Journal                  = {Journal of Physics A: Mathematical and General},
  Year                     = {2006},
  Number                   = {43},
  Pages                    = {13553},
  Volume                   = {39},

  __markedentry            = {[jonathan:]},
  Abstract                 = {The paper contains an application of the path-integration method to the quantization of the electromagnetic field in a linear material medium modelled as the Hopfield dielectric. Except for the frequency dispersion of the medium, non-dipole effects are included leading to the wave vector dependence of the dielectric function. Starting from a local microscopic Lagrangian, the elimination of the matter degrees of freedom leads to the effective action describing dynamics of the classical field in the medium, from which the classical constitutive relation, non-local, both in time and space variables, could be determined. Full quantization of the model is achieved by integration over all fields with source terms included into the Lagrangian, and taking into account the constraint and gauge fixing term, characteristic for a quantized gauge theory. This gives the generating functional from which quantum propagators could be constructed. Operators of effective quantum electromagnetic and polarization fields were further retrieved from the propagators. The quantum constitutive equation containing the absorption noise term was also determined. The canonical equal time commutation rules are examined using both the BJL-limiting procedure and using explicit expressions for the field operators—the results in both cases are the same.},
  Url                      = {http://stacks.iop.org/0305-4470/39/i=43/a=011}
}

@Article{Bechler1999,
  Title                    = {Quantum electrodynamics of the dispersive dielectric medium - a path integral approach},
  Author                   = {Bechler, Adam},
  Journal                  = {Journal of Modern Optics},
  Year                     = {1999},
  Pages                    = {901-921},
  Volume                   = {46},

  __markedentry            = {[jonathan:6]}
}

@Article{Bechler99,
  Title                    = {Quantum electrodynamics of the dispersive dielectric medium-a path integral approach},
  Author                   = {Bechler, A.},
  Journal                  = {Journal of Modern Optics},
  Year                     = {1999},
  Pages                    = {901},
  Volume                   = {46},

  Keywords                 = {Field Quantization, Path Integral}
}

@Article{Berry1979,
  Title                    = { Evolution of semiclassical quantum states in phase space},
  Author                   = {Berry, M V and Balazs, N L},
  Journal                  = {J. Phys. A: Math. Gen.},
  Year                     = {1979},
  Pages                    = {625},
  Volume                   = {12},

  __markedentry            = {[jonathan:6]}
}

@Article{Bhattacharya05PRL_quantum_chaos,
  Title                    = {Continuous Quantum Measurement and the Emergence of Classical Chaos},
  Author                   = {Bhattacharya, Tanmoy and Habib, Salman and Jacobs, Kurt },
  Journal                  = {Phys. Rev. Lett.},
  Year                     = {2000},
  Pages                    = {4852},
  Volume                   = {85},

  Doi                      = {10.1103/PhysRevLett.85.4852},
  Publisher                = {American Physical Society}
}

@Article{Bialynicki-Birula2009,
  Title                    = {Why photons cannot be sharply localized},
  Author                   = {Bialynicki-Birula, Iwo and Bialynicka-Birula, Zofia },
  Journal                  = {Phys. Rev. A},
  Year                     = {2009},
  Pages                    = {032112},
  Volume                   = {79},

  __markedentry            = {[jonathan:6]},
  Doi                      = {10.1103/PhysRevA.79.032112}
}

@Article{Bordag99,
  Title                    = {Ground state energy for a penetrable sphere and for a dielectric ball},
  Author                   = {Bordag, M and Kirsten, K and Vassilevich, D},
  Journal                  = {Physical Review D},
  Year                     = {1999},
  Pages                    = {085011},
  Volume                   = {59}
}

@Article{Bordag1998,
  Title                    = {Path-integral quantization of electrodynamics in dielectric media},
  Author                   = {M Bordag and K Kirsten and D V Vassilevich},
  Journal                  = {Journal of Physics A: Mathematical and General},
  Year                     = {1998},
  Pages                    = {2381},
  Volume                   = {31},

  __markedentry            = {[jonathan:6]}
}

@Article{Bordag98,
  Title                    = {Path integral quantization of eleoctrodynamics in dielectric media},
  Author                   = {Bordag, M. and Kirsten, K. and Vassilevich, D. V.},
  Journal                  = {J. Phys. A: Math. Gen},
  Year                     = {1998},
  Pages                    = {2381},
  Volume                   = {31}
}

@Book{Bordagbook09,
  Title                    = {Advances in the Casimir Effect},
  Author                   = {Bordag, M. and Klimchitskaya, G. L. and Mohideen, U. and Mostapenenko, V. M.},
  Publisher                = {Oxford},
  Year                     = {2009},

  Keywords                 = {Casimir Book}
}

@Book{Brown1994,
  Title                    = {Quantum Field Theory},
  Author                   = {Brown, L. S.},
  Publisher                = {Cambridge University Press},
  Year                     = {1994},

  __markedentry            = {[jonathan:6]}
}

@Book{Carmichael08_statistical2,
  Title                    = {Statistical Methods in Quantum Optics 2: Non-Classical Fields},
  Author                   = {Carmichael, H. J.},
  Publisher                = {Springer},
  Year                     = {2008}
}

@Book{Carmichael99_statistical1,
  Title                    = {Statistical Methods in Quantum Optics 1: Master Equations and Fokker-Planck Equations},
  Author                   = {Carmichael, H. J.},
  Publisher                = {Springer},
  Year                     = {1999}
}

@Book{Carmichael93_open_systems,
  Title                    = {An Open Systems Approach to Quantum Optics},
  Author                   = {Carmichael, H. J.},
  Publisher                = {Springer-Verlag},
  Year                     = {1993}
}

@Article{Casimir48a,
  Title                    = {On the Attraction Between Two Perfectly Conducting Plates},
  Author                   = {H. B. G. Casimir},
  Journal                  = {{Proc.\ K.\ Ned.\ Akad.\ Wet.}},
  Year                     = {1948},
  Pages                    = {793},
  Volume                   = {51}
}

@Article{CasimirPolder48,
  Title                    = {The Influence of Retardation on the London-van der Waals Forces},
  Author                   = {Casimir, H. B. G. and Polder, D.},
  Journal                  = {Phys. Rev.},
  Year                     = {1948},
  Pages                    = {360},
  Volume                   = {73}
}

@Article{Caves87PRA_Milburn,
  Title                    = {Quantum-mechanical model for continuous position measurements},
  Author                   = {Caves, Carlton M. and Milburn, G. J.},
  Journal                  = {Phys. Rev. A},
  Year                     = {1987},
  Pages                    = {5543},
  Volume                   = {36},

  Doi                      = {10.1103/PhysRevA.36.5543},
  Publisher                = {American Physical Society}
}

@Article{Chan01,
  Title                    = {Nonlinear Micromechanical Casimir Oscillator},
  Author                   = {Chan, H. B. and Aksyuk, V. A. and Kleiman, R. N. and Bishop, D. J. and Capasso, F.},
  Journal                  = {Phys. Rev. Lett.},
  Year                     = {2001},
  Pages                    = {211801},
  Volume                   = {87}
}

@Article{Chan01b,
  Title                    = {Quantum Mechanical Actuation of Microelectromechanical Systems by the Casimir Force},
  Author                   = {Chan, H. B. and Aksyuk, V. A. and Kleiman, R. N. and Bishop, D. J. and Capasso, F.},
  Journal                  = {Science},
  Year                     = {2001},
  Pages                    = {1941},
  Volume                   = {291}
}

@Article{Chase09,
  Title                    = {Single-shot parameter estimation via continuous quantum measurement},
  Author                   = {Chase, B. A. and Geremia, J. M.},
  Journal                  = {Phys. Rev. A},
  Year                     = {2009},
  Pages                    = {022314},
  Volume                   = {79}
}

@Article{Chiu77PRD_zeno,
  Title                    = {Time evolution of unstable quantum states and a resolution of Zeno's paradox},
  Author                   = {Chiu, C. B. and Sudarshan, E. C. G. and Misra, B. },
  Journal                  = {Phys. Rev. D},
  Year                     = {1977},

  Month                    = {Jul},
  Number                   = {2},
  Pages                    = {520--529},
  Volume                   = {16},

  Doi                      = {10.1103/PhysRevD.16.520},
  Numpages                 = {9},
  Publisher                = {American Physical Society}
}

@Book{Coleman85,
  Title                    = {Aspects of Symmetry},
  Author                   = {Coleman, Sidney},
  Publisher                = {Cambridge},
  Year                     = {1985}
}

@Article{Xi.arxiv10_optimal_nonmarkovian_control,
  Title                    = {Optimal control of non-Markovian open quantum systems via feedback},
  Author                   = {Zairong Xi Wei Cui1 and Yu Pan},
  Year                     = {2010},

  Eprint                   = {quant-ph/1004.4659v1}
}

@Article{Dalibard92PRL_trajectories,
  Title                    = {Wave-function approach to dissipative processes in quantum optics},
  Author                   = {Dalibard, Jean and Castin, Yvan and M\o{}lmer, Klaus },
  Journal                  = {Phys. Rev. Lett.},
  Year                     = {1992},
  Pages                    = {580},
  Volume                   = {68},

  Doi                      = {10.1103/PhysRevLett.68.580},
  Publisher                = {American Physical Society}
}

@Article{Dalibard85JOSAB_dressed_atom_dipole,
  Title                    = {Dressed atom approach to atomic motion in laser light: the dipole force revisited},
  Author                   = {Dalibard, J and Cohen-Tannoudji, C},
  Journal                  = {J Opt. Soc. Am. B},
  Year                     = {1985},
  Pages                    = {1707},

  Vol                      = {2}
}

@Article{Decca03,
  Title                    = {Measurement of the Casimir force between Dissimilar Metals},
  Author                   = {Decca, R. S. and L\'opez, D. and Fischbach, E. and Krause, D. E.},
  Journal                  = {Phys. Rev. Lett.},
  Year                     = {2003},
  Pages                    = {050402},
  Volume                   = {91}
}

@Article{Diosi08PRA_nonmarkovian_trajectory,
  Title                    = {Non-Markovian Continuous Quantum Measurement of Retarded Observables},
  Author                   = {Di\'osi, Lajos },
  Journal                  = {Phys. Rev. Lett.},
  Year                     = {2008},
  Number                   = {8},
  Pages                    = {080401},
  Volume                   = {100},

  Doi                      = {10.1103/PhysRevLett.100.080401},
  Numpages                 = {4},
  Publisher                = {American Physical Society}
}

@Article{Diosi98PRA_nonmarkovianQSD,
  Title                    = {Non-Markovian quantum state diffusion},
  Author                   = {Di\'osi, L. and Gisin, N. and Strunz, W. T.},
  Journal                  = {Phys. Rev. A},
  Year                     = {1998},
  Number                   = {3},
  Pages                    = {1699},
  Volume                   = {58},

  Doi                      = {10.1103/PhysRevA.58.1699},
  Numpages                 = {13},
  Publisher                = {American Physical Society}
}

@Book{Dirac1966,
  Title                    = {Lectures on Quantum Field Theory},
  Author                   = {Dirac, P. A. M.},
  Publisher                = {Belfer Graduate School of Science, Yeshiva University},
  Year                     = {1966},

  __markedentry            = {[jonathan:6]}
}

@Book{Dirac1964,
  Title                    = {Lectures on Quantum Mechanics},
  Author                   = {Dirac, P. A. M.},
  Publisher                = {Belfer Graduate School of Science, Yeshiva University},
  Year                     = {1964},

  __markedentry            = {[jonathan:6]}
}

@Book{Dirac66,
  Title                    = {Lectures on Quantum Field Theory},
  Author                   = {P.~A.~M. Dirac.},
  Publisher                = {Belfer Graduate School of Science, Yeshiva University},
  Year                     = {1966}
}

@Book{Dirac64,
  Title                    = {Lectures on Quantum Mechanics},
  Author                   = {P.~A.~M. Dirac.},
  Publisher                = {Belfer Graduate School of Science, Yeshiva University},
  Year                     = {1964}
}

@Article{Doherty98PRA_motional_qed,
  Title                    = {Motional states of atoms in cavity QED},
  Author                   = {Doherty, A. C. and Parkins, A. S. and Tan, S. M. and Walls, D. F.},
  Journal                  = {Phys. Rev. A},
  Year                     = {1998},
  Pages                    = {4804},
  Volume                   = {57},

  Doi                      = {10.1103/PhysRevA.57.4804},
  Publisher                = {American Physical Society}
}

@Article{Dum92PRA_trajectories,
  Title                    = {Monte Carlo simulation of the atomic master equation for spontaneous emission},
  Author                   = {Dum, R. and Zoller, P. and Ritsch, H. },
  Journal                  = {Phys. Rev. A},
  Year                     = {1992},
  Pages                    = {4879},
  Volume                   = {45},

  Doi                      = {10.1103/PhysRevA.45.4879},
  Publisher                = {American Physical Society}
}

@Article{Dung98,
  Title                    = {Three-dimensional quantization of the electromagnetic field in dispersive and absorbing inhomogeneous dielectrics},
  Author                   = {Dung, Ho Trung and Kn\"oll, Ludwig and Welsch, Dirk-Gunnar},
  Journal                  = {Phys. Rev. A},
  Year                     = {1998},
  Pages                    = {3931},
  Volume                   = {57},

  Doi                      = {10.1103/PhysRevA.57.3931},
  Keywords                 = {Field Quantization}
}

@Book{Durrett96,
  Title                    = {Stochastic Calculus: A Practial Introduction},
  Author                   = {Durrett, R.},
  Publisher                = {CRC Press},
  Year                     = {1996}
}

@Article{Dzyaloshinskii61,
  Title                    = {General Theory of van der Waals' Forces},
  Author                   = {Dzyaloshinskii, I. E. and Lifshitz, E. M. and Pitaevskii, L. P.},
  Journal                  = {Sov. Phys. Usp.},
  Year                     = {1961},
  Pages                    = {381},
  Volume                   = {73}
}

@Article{Emig04,
  Title                    = {Towards a theory of molecular forces between deformed media},
  Author                   = {Emig, T. and B\"uscher, R.},
  Journal                  = {Nuc. Phys. B},
  Year                     = {2004},
  Pages                    = {468},
  Volume                   = {696},

  Keywords                 = {Casimir, Scattering method,}
}

@Article{Emig07,
  Title                    = {Casimir forces between arbitary Compact Objects},
  Author                   = {Emig, T. and Graham, N. and Jaffe, R. L. and Kardar, M.},
  Journal                  = {Phys. Rev. Lett.},
  Year                     = {2007},
  Pages                    = {170403},
  Volume                   = {99}
}

@Book{Faddeev1991,
  Title                    = {Gauge fields: An introduction to quantum theory},
  Author                   = {Faddeev, L. D. and Slavnov, A. A.},
  Publisher                = {Addison-Wesley},
  Year                     = {1991},
  Edition                  = {2nd},

  __markedentry            = {[jonathan:6]}
}

@Book{Feibelman_PhdNotEnough,
  Title                    = {A Ph.d. is not enough!},
  Author                   = {Feibelman, P. J.},
  Publisher                = {Basic Books},
  Year                     = {1993}
}

@Article{Feynman48,
  Title                    = {Space-Time Approach to Non-Relativistic Quantum Mechanics},
  Author                   = {Feynman, R. P.},
  Journal                  = {Rev. Mod. Phys.},
  Year                     = {1948},

  Month                    = {Apr},
  Pages                    = {367--387},
  Volume                   = {20},

  Doi                      = {10.1103/RevModPhys.20.367},
  Issue                    = {2},
  Numpages                 = {0},
  Publisher                = {American Physical Society}
}

@Article{Fosco2010,
  Title                    = {Neumann Casimir effect: a singular boundary-interaction approach},
  Author                   = {Fosco, C. D. and Lombardo, F. C. and Mazzitelli, F. D.},
  Journal                  = {Phys. Lett. B},
  Year                     = {2010},

  __markedentry            = {[jonathan:6]},
  Archiveprefix            = {arXiv},
  Eprint                   = {0912.0886v2},
  Primaryclass             = {hep-th}
}

@Article{Gagen93PRA_zeno,
  Title                    = {Continuous position measurements and the quantum Zeno effect},
  Author                   = {Gagen, M. J. and Wiseman, H. M. and Milburn, G. J.},
  Journal                  = {Phys. Rev. A},
  Year                     = {1993},
  Pages                    = {132},
  Volume                   = {48},

  Doi                      = {10.1103/PhysRevA.48.132},
  Publisher                = {American Physical Society}
}

@Book{Gardiner09_stochastic_methods,
  Title                    = {Stochastic Methods},
  Author                   = {Gardiner, C. W.},
  Publisher                = {Springer},
  Year                     = {2009},
  Edition                  = {Fourth}
}

@Article{Gardiner92PRA_trajectories,
  Title                    = {Wave-function quantum stochastic differential equations and quantum-jump simulation methods},
  Author                   = {Gardiner, C. W. and Parkins, A. S. and Zoller, P. },
  Journal                  = {Phys. Rev. A},
  Year                     = {1992},
  Pages                    = {4363},
  Volume                   = {46},

  Doi                      = {10.1103/PhysRevA.46.4363},
  Publisher                = {American Physical Society}
}

@Book{Gardiner04_quantum_noise,
  Title                    = {Quantum Noise},
  Author                   = {Gardiner, C. W. and Zoller, P.},
  Publisher                = {Springer-Verlag},
  Year                     = {2004},
  Edition                  = {Third}
}

@Article{Gardiner97PRL_kicked_oscillator,
  Title                    = {Quantum Chaos in an Ion Trap: The Delta-Kicked Harmonic Oscillator},
  Author                   = {Gardiner, S. A. and Cirac, J. I. and Zoller, P. },
  Journal                  = {Phys. Rev. Lett.},
  Year                     = {1997},

  Month                    = {Dec},
  Number                   = {24},
  Pages                    = {4790--4793},
  Volume                   = {79},

  Doi                      = {10.1103/PhysRevLett.79.4790},
  Numpages                 = {3},
  Publisher                = {American Physical Society}
}

@Article{Gies06,
  Title                    = {Worldline algorithms for Casimir configurations},
  Author                   = {Gies, H. and Klingm\"uller, K.},
  Journal                  = {Phys. Rev. D},
  Year                     = {2006},
  Pages                    = {045002},
  Volume                   = {74},

  Keywords                 = {Worldline}
}

@Article{Klingmuller06,
  Title                    = {Quantum Energies with worldline numerics},
  Author                   = {Gies, H. and Klingm\"uller, K},
  Journal                  = {J. Phys. A:Math. Gen},
  Year                     = {2006},
  Pages                    = {6415},
  Volume                   = {39}
}

@Article{Gies03,
  Title                    = {Casimir Forces on the Worldline},
  Author                   = {Gies, H. and Langfeld, K. and Moyaerts, L.},
  Journal                  = {Journal of High Energy Physics},
  Year                     = {2003},
  Number                   = {06},
  Pages                    = {018},
  Volume                   = {2003},

  Keywords                 = {Worldline}
}

@Article{Glauber1991,
  Title                    = {Quantum optics of dielectric media},
  Author                   = {Glauber, R. J. and Lewenstein, M.},
  Journal                  = {{Phys.\ Rev.\ A}},
  Year                     = {1991},
  Pages                    = {467},
  Volume                   = {1},

  __markedentry            = {[jonathan:6]}
}

@Article{Gordon80PRA_radiation_trap,
  Title                    = {Motion of atoms in a radiation trap},
  Author                   = {Gordon, J. P. and Ashkin, A. },
  Journal                  = {Phys. Rev. A},
  Year                     = {1980},

  Month                    = {May},
  Number                   = {5},
  Pages                    = {1606--1617},
  Volume                   = {21},

  Doi                      = {10.1103/PhysRevA.21.1606},
  Numpages                 = {11},
  Publisher                = {American Physical Society}
}

@Book{Greiner96,
  Title                    = {Field Quantization},
  Author                   = {Greiner, W. and Reinhardt, J.},
  Publisher                = {Springer},
  Year                     = {1996}
}

@Article{Holland96PRL_localization_spontaneous_decay,
  Title                    = {Measurement Induced Localization from Spontaneous Decay},
  Author                   = {Holland, M. and Marksteiner, S. and Marte, P. and Zoller, P. },
  Journal                  = {Phys. Rev. Lett.},
  Year                     = {1996},

  Month                    = {May},
  Number                   = {20},
  Pages                    = {3683--3686},
  Volume                   = {76},

  Doi                      = {10.1103/PhysRevLett.76.3683},
  Numpages                 = {3},
  Publisher                = {American Physical Society}
}

@Article{Hooghiemstra2002,
  Title                    = {On explicit occupation time distributions for Brownian processes”},
  Author                   = {Hooghiemstra, G.},
  Journal                  = {Statistics $\&$ Probability Letters},
  Year                     = {2002},
  Pages                    = {405},
  Volume                   = {56}
}

@Article{Hung13,
  Title                    = {Trapped Atoms in one-dimensional photonic crystals},
  Author                   = {Hung, C-L. and Meenehan, S. M. and Chang, D. E. and Painter, O. and Kimble, H. J.},
  Journal                  = {New Journal of Physics},
  Year                     = {2013},
  Pages                    = {083026},
  Volume                   = {15}
}

@Article{Huttner92,
  Title                    = {Quantization of the electromagnetic field in dielectrics},
  Author                   = {Huttner, B. and Barnett, S. M.},
  Journal                  = {Phys. Rev. A},
  Year                     = {1992},
  Pages                    = {4306},
  Volume                   = {46}
}

@Book{Jackson99,
  Title                    = {Classical Electrodynamics},
  Author                   = {Jackson, J. D.},
  Publisher                = {Wiley},
  Year                     = {1999},
  Edition                  = {Third}
}

@Article{Jacobs09PRL_cat_state,
  Title                    = {Engineering Superposition States and Tailored Probes for Nanoresonators via Open-Loop Control},
  Author                   = {Jacobs, Kurt and Tian, Lin and Finn, Justin },
  Journal                  = {Phys. Rev. Lett.},
  Year                     = {2009},
  Pages                    = {057208},
  Volume                   = {102},

  Doi                      = {10.1103/PhysRevLett.102.057208},
  Publisher                = {American Physical Society}
}

@Book{Jacobs73_control,
  Title                    = {Introduction to Control Theory},
  Author                   = {Jacobs, O. L. R.},
  Publisher                = {Oxford University Press},
  Year                     = {1973},
  Edition                  = {First}
}

@InCollection{Johnsonbook11,
  Title                    = {Numerical Methods for Calculating Casimir Interactions},
  Author                   = {Johnson, S. G.},
  Booktitle                = {Casimir Physics},
  Publisher                = {Springer},
  Year                     = {2011},
  Chapter                  = {6},
  Editor                   = {Dalvit, D. and Milonni, P. and Roberts, D. and Rosa, F.}
}

@Article{Kenneth08,
  Title                    = {Casimir Forces in a T-operator approach},
  Author                   = {Kenneth, O. and Klich, I.},
  Journal                  = {Phys. Rev. B.},
  Year                     = {2008},
  Pages                    = {014103},
  Volume                   = {78}
}

@Article{Kenneth06,
  Title                    = {Opposites attract: A theorem about the Casimir force},
  Author                   = {Kenneth, O. and Klich, I.},
  Journal                  = {Phys. Rev. Lett.},
  Year                     = {2006},
  Pages                    = {160401},
  Volume                   = {97}
}

@Article{Klingmuller08,
  Title                    = {Geothermal Casimir Phenomena},
  Author                   = {Klingm\"uller, K. and Gies, H.},
  Journal                  = {J. Phys. A:Math. Theor.},
  Year                     = {2008},
  Pages                    = {164042},
  Volume                   = {41}
}

@Article{Knoell1987,
  Title                    = {Action of passive, lossless optical systems in quantum optics},
  Author                   = {Kn\"oll, L. and Vogel, W. and Welsch, D. -G.},
  Journal                  = {Phys. Rev. A},
  Year                     = {1987},
  Pages                    = {3803--3818},
  Volume                   = {36},

  __markedentry            = {[jonathan:6]},
  Doi                      = {10.1103/PhysRevA.36.3803},
  Publisher                = {American Physical Society}
}

@Article{Kouznetsov05OpRev_zeno_step,
  Title                    = {Reflection of Waves from a Ridged Surface and the Zeno Effect},
  Author                   = {Kouznetsov, Dmitrii and Oberst, Hilmar},
  Journal                  = {Optical Review},
  Year                     = {2005},
  Pages                    = {363},
  Volume                   = {12},

  Publisher                = {Optical Society of Japan}
}

@Article{Labeyrie99PRL_coherent_backscatter,
  Title                    = {Coherent Backscattering of Light by Cold Atoms},
  Author                   = {Labeyrie, G. and de Tomasi, F. and Bernard, J.-C. and M\"uller, C. A. and Miniatura, C. and Kaiser, R. },
  Journal                  = {Phys. Rev. Lett.},
  Year                     = {1999},
  Number                   = {25},
  Pages                    = {5266},
  Volume                   = {83},

  Doi                      = {10.1103/PhysRevLett.83.5266},
  Publisher                = {American Physical Society}
}

@Article{Lambrecht06,
  Title                    = {The Casimir Effect within scattering theory},
  Author                   = {Lambrecht, A. and Maia Neto, P. A. and Reynaud, S.},
  Journal                  = {New Journal Physics},
  Year                     = {2006},
  Pages                    = {243},
  Volume                   = {8}
}

@Article{Lamoreaux97,
  Title                    = {Demonstration of the Casimir force in the 0.6 to 6 $\mu$m Range},
  Author                   = {Lamoreaux, S. K.},
  Journal                  = {Phys. Rev. Lett.},
  Year                     = {1997},
  Pages                    = {5},
  Volume                   = {78}
}

@Book{Langouche1982,
  Title                    = {Functional Integration and Semiclassical Expansions},
  Author                   = {Langouche, F. and Roekaerts, D. and Tirapegui, E.},
  Publisher                = {Reidel},
  Year                     = {1982},

  __markedentry            = {[jonathan:6]}
}

@Article{Lew75,
  Title                    = {On Some Relations between the Laplace and Mellin-Transforms},
  Author                   = {Lew, J. S.},
  Journal                  = {IBM Journal of Research and Development},
  Year                     = {1975},
  Pages                    = {582},
  Volume                   = {19}
}

@Article{Lifshitz56,
  Title                    = {The Theory of Molecular Attractive Forces between Solids},
  Author                   = {Lifshitz, E.M.},
  Journal                  = {J. Exper. Theoret. Phys. USSR},
  Year                     = {1956},
  Pages                    = {94},
  Volume                   = {29}
}

@Article{Lifshitz1956,
  Title                    = {The Theory of Molecular Attractive Forces between Solids},
  Author                   = {Lifshitz, E. M.},
  Journal                  = {Soviet Physics JETP},
  Year                     = {1956},
  Pages                    = {73},
  Volume                   = {2},

  __markedentry            = {[jonathan:6]}
}

@Article{Mackrory2010,
  Title                    = {Reflection of a particle from a quantum measurement},
  Author                   = {Mackrory, J. B. and Jacobs, K. and Steck, D. A.},
  Journal                  = {New J. Phys.},
  Year                     = {2010},
  Pages                    = {113023},
  Volume                   = {12},

  __markedentry            = {[jonathan:6]}
}

@Article{MaiaNeto08,
  Title                    = {Casimir Energy between a plane and a sphere in electromagnetic vacuum},
  Author                   = {Maia Neto, P. A. and Lambrecht, A. and Reynaud, S.},
  Journal                  = {Phys. Rev. A},
  Year                     = {2008},
  Pages                    = {012115},
  Volume                   = {78}
}

@Book{Mandl_and_Shaw93,
  Title                    = {Quantum Field Theory},
  Author                   = {Mandl, F. and Shaw, G.},
  Publisher                = {Wiley},
  Year                     = {1993},
  Edition                  = {Second}
}

@Article{Matloob95,
  Title                    = {Electromagnetic field quantization in absorbing dielectrics},
  Author                   = {Matloob, R. and Loudon, R and Barnett, S. M. and Jeffers, J.},
  Journal                  = {Phys. Rev. A},
  Year                     = {1995},
  Pages                    = {4823},
  Volume                   = {52},

  Keywords                 = {Field Quantization},
  Owner                    = {jonathan},
  Timestamp                = {2016.01.29}
}

@Article{Matloob96,
  Title                    = {Electromagnetic field quantization in absorbing dielectrics. II},
  Author                   = {Matloob, R.and Loudon, R.},
  Journal                  = {Phys. Rev. A},
  Year                     = {1996},
  Pages                    = {4567},
  Volume                   = {53},

  Keywords                 = {Field Quantization},
  Owner                    = {jonathan},
  Timestamp                = {2016.01.29}
}

@Article{Misra77_zeno,
  Title                    = {The Zeno's Paradox in Quantum Theory},
  Author                   = {Misra, B. and Sudarshan, E. C. G.},
  Journal                  = {J. Math. Phys.},
  Year                     = {1977},
  Pages                    = {756},
  Volume                   = {18}
}

@Article{Mohideen98,
  Title                    = {Precision Measurement of the Casimir Force from 0.1 to 0.9 $\mu$m},
  Author                   = {Mohideen, U. and Roy, A.},
  Journal                  = {Phys. Rev. Lett.},
  Year                     = {1998},
  Pages                    = {4549},
  Volume                   = {81}
}

@Article{Obrecht07,
  Title                    = {Measurement of Temperature Dependence of the Casimir-Polder force},
  Author                   = {Obrecht, J. M. and Wild, R. J. and Antezza, M. and Pitaevskii, L. P. and Stringari, S. and Cornell, E. A.},
  Journal                  = {Phys. Rev. Lett.},
  Year                     = {2007},
  Pages                    = {063201},
  Volume                   = {98}
}

@Article{Pasquali08,
  Title                    = {Numerical methods for fluctuation-driven interactions between dielectrics},
  Author                   = {Pasquali, S. and Nitti, F. and Maggs, A. C.},
  Journal                  = {Phys. Rev. E.},
  Year                     = {2008},
  Pages                    = {016705},

  Vol                      = {77}
}

@Book{Peskin_and_Schroeder95,
  Title                    = {An Introduction to Quantum Field Theory},
  Author                   = {Peskin, M. and Schroeder, D.},
  Publisher                = {Westview},
  Year                     = {1995}
}

@Article{Philbin2011,
  Title                    = {Casimir effect from macroscopic quantum electrodynamics},
  Author                   = {Philbin, T. G.},
  Journal                  = {New Journal of Physics},
  Year                     = {2011},
  Number                   = {6},
  Pages                    = {063026},
  Volume                   = {13},

  Abstract                 = {The canonical quantization of macroscopic electromagnetism was recently presented in (Philbin 2010 New J. Phys. 12 123008). This theory is used here to derive the Casimir effect, by considering the special case of thermal and zero-point fields. The stress-energy-momentum tensor of the canonical theory follows from Noether's theorem, and its electromagnetic part in thermal equilibrium gives the Casimir energy density and stress tensor. The results hold for arbitrary inhomogeneous magnetodielectrics and are obtained from a rigorous quantization of electromagnetism in dispersive, dissipative media. Continuing doubts about the status of the standard Lifshitz theory as a proper quantum treatment of Casimir forces do not apply to the derivation given here. Moreover, the correct expressions for the Casimir energy density and stress tensor inside media follow automatically from the simple restriction to thermal equilibrium, without the need for complicated thermodynamical or mechanical arguments.},
  Url                      = {http://stacks.iop.org/1367-2630/13/i=6/a=063026}
}

@Article{Philbin2010,
  Title                    = {Canonical quantization of macroscopic electromagnetism},
  Author                   = {Philbin, T. G.},
  Journal                  = {New Journal of Physics},
  Year                     = {2010},
  Number                   = {12},
  Pages                    = {123008},
  Volume                   = {12},
  Abstract                 = {Application of the standard canonical quantization rules of quantum field theory to macroscopic electromagnetism has encountered obstacles due to material dispersion and absorption. This has led to a phenomenological approach to macroscopic quantum electrodynamics where no canonical formulation is attempted. In this paper macroscopic electromagnetism is canonically quantized. The results apply to any linear, inhomogeneous, magnetodielectric medium with dielectric functions that obey the Kramers–Kronig relations. The prescriptions of the phenomenological approach are derived from the canonical theory.},
  Url                      = {http://stacks.iop.org/1367-2630/12/i=12/a=123008}
}

@Article{Raabe07,
  Title                    = {Unified Approach to QED in Arbitrary Linear Media},
  Author                   = {Raabe, C. and Scheel, M. and Welsch, D-G},
  Journal                  = {Phys. Rev. A},
  Year                     = {2007},
  Pages                    = {053813},
  Volume                   = {75},

  Keywords                 = {Field Quantization},
  Owner                    = {jonathan},
  Timestamp                = {2016.01.29}
}

@Article{Raabe06,
  Title                    = {Dispersive forces on bodies and atoms: A unified approach},
  Author                   = {Raabe, Christian and Welsch, Dirk-Gunnar},
  Journal                  = {Phys. Rev. A},
  Year                     = {2006},
  Pages                    = {063822},
  Volume                   = {73},

  Doi                      = {10.1103/PhysRevA.73.063822},
  Keywords                 = {Casimir Casimir-Polder}
}

@Article{Rahi09,
  Title                    = {Scattering theory approach to electrodynamics Casimir Forces},
  Author                   = {Rahi, S. J. and Emig, T. and Graham, N. and Jaffe, R. L. and Kardar, M.},
  Journal                  = {{Phys.\ Rev.\ D.}},
  Year                     = {2009},
  Pages                    = {085201},
  Volume                   = {80}
}

@Book{Ramond1990,
  Title                    = {Field Theory: A modern Primer},
  Author                   = {Ramond, Pierre},
  Publisher                = {Addison-Wesley},
  Year                     = {1990},
  Edition                  = {2nd},

  __markedentry            = {[jonathan:6]}
}

@Article{Reid09,
  Title                    = {Efficient Computation of Casimir Interactions between Arbitrary 3D Objects},
  Author                   = {Reid, M. T. H. and Rodriguez, A. W. and White, J. and Johnson, S. G.},
  Journal                  = {Phys. Rev. Lett.},
  Year                     = {2009},
  Pages                    = {040401},
  Volume                   = {103}
}

@Article{Reid13,
  Title                    = {Fluctuating surface currents: An Algorithm for for efficient prediction of Casimir interactions among arbitrary materials in arbitrary geometries},
  Author                   = {Reid, M. T. H. and White, J. and Johnson, S. G.},
  Journal                  = {Phys. Rev. A},
  Year                     = {2013},
  Pages                    = {022514},
  Volume                   = {88}
}

@Article{Reid11,
  Title                    = {Computation of Casimir interactions between arbitrary three-dimensional objects with arbitrary material properties},
  Author                   = {Reid, M. T. H. and White, J. and Johnson, S. G.},
  Journal                  = {Phys. Rev. A},
  Year                     = {2011},
  Pages                    = {010503(R)},
  Volume                   = {84}
}

@Article{Rodiguez07b,
  Title                    = {Computation and Vizualization of Casimir Forces in Arbitrary Geometries: Nonmonotonic Lateral-Wall Forces and the Failure of the Proximity Force Approximation},
  Author                   = {Rodriguez, A. and Ibanescu, M. and Iannuzzi, D. and Capasso, F. and Joannopoulos, J. D. and Johnson, S. G.},
  Journal                  = {Phys. Rev. Lett.},
  Year                     = {2007},
  Pages                    = {080401},
  Volume                   = {99}
}

@Article{Rodriguez07,
  Title                    = {Virtual photons in imaginary time: Computing exact Casimir forces via standard numerical electromagnetism techniques},
  Author                   = {Rodriguez, A. and Ibanescu, M. and Iannuzzi, D. and Joannopoulos, J. D. and Johnson, S. G.},
  Journal                  = {Phys. Rev. A},
  Year                     = {2007},
  Pages                    = {032106},
  Volume                   = {76}
}

@Article{Rodriguez09,
  Title                    = {Casimir Forces in the Time Domain: Theory},
  Author                   = {Rodriguez, A. W. and McCauley, A. P. and Joannopoulos, J. D. and Johnson, S. G.},
  Journal                  = {Phys. Rev. A},
  Year                     = {2009},
  Pages                    = {012115},
  Volume                   = {80}
}

@Article{Rosa10,
  Title                    = {Electromagnetic energy, absorption, and Casimir forces: Uniform dielectric media in thermal equilibrium},
  Author                   = {Rosa, F. S. S. and Dalvit, D. A. R. and Milonni, P. W.},
  Journal                  = {{Phys.\ Rev.\ A}},
  Year                     = {2010},
  Pages                    = {033812},
  Volume                   = {81}
}

@Book{Sakurai,
  Title                    = {Modern Quantum Mechanics},
  Author                   = {Sakurai, J.J.},
  Editor                   = {Tan, S.F.},
  Publisher                = {Addison Wesley Longman},
  Year                     = {1994}
}

@Article{Schaden09,
  Title                    = {Numerical and semiclassical analysis of some generalized Casimir pistons},
  Author                   = {Schaden, M.},
  Journal                  = {Phys. Rev. A},
  Year                     = {2009},
  Pages                    = {052105},
  Volume                   = {79}
}

@Article{Schaden09b,
  Title                    = {Dependence of the direction of the Casimir Force on the Shape of the Boundary},
  Author                   = {Schaden, M.},
  Journal                  = {Phys. Rev. Lett.},
  Year                     = {2009},
  Pages                    = {060402},
  Volume                   = {102}
}

@Article{Schaden98,
  Title                    = {Unified treatment of some Casimir energies and Lamb shifts: A dielectric between two conductors},
  Author                   = {Schaden, M. and Spruch, L. and Zhou, F.},
  Journal                  = {Phys. Rev. A},
  Year                     = {1998},
  Pages                    = {1108},
  Volume                   = {57}
}

@Book{Schlosshauer2007,
  Title                    = {Decoherence and the Quantum to Classical Transition},
  Author                   = {Schlosshauer, M.},
  Publisher                = {Springer-Verlag},
  Year                     = {2007}
}

@Article{Schubert2001,
  Title                    = {Perturbative Quantum Field Theory in the String Inspired Formalism},
  Author                   = {Schubert, C.},
  Year                     = {2001},

  __markedentry            = {[jonathan:6]},
  Archiveprefix            = {arXiv},
  Eprint                   = {0101036v2},
  Primaryclass             = {hep-th}
}

@Article{Schwinger92a,
  Title                    = {Casimir Energy for Dielectrics},
  Author                   = {Schwinger, J.},
  Journal                  = {Proc. Natl. Acad. Sci. USA},
  Year                     = {1992},
  Volume                   = {89},

  Pg                       = {4091}
}

@Article{Schwinger78,
  Title                    = {Casimir Effect in Dielectrics},
  Author                   = {Schwinger,J. and DeRaad,L. and Milton, K. A.},
  Journal                  = {Annals of Physics},
  Year                     = {1978},
  Pages                    = {1},
  Volume                   = {115},

  Keywords                 = {Casimir Effect, Theory}
}

@Book{Srednicki08,
  Title                    = {Quantum Field Theory},
  Author                   = {Srednicki, M.},
  Publisher                = {Cambridge},
  Year                     = {2008},

  Keywords                 = {QFT Textbook}
}

@Article{Stutzle05PRL_imaginary_potential,
  Title                    = {Observation of Nonspreading Wave Packets in an Imaginary Potential},
  Author                   = {St\"utzle, R. and G\"obel, M. C. and H\"orner, Th. and Kierig, E. and Mourachko, I. and Oberthaler, M. K. and Efremov, M. A. and Fedorov, M. V. and Yakovlev, V. P. and van Leeuwen, K. A. H. and Schleich, W. P.},
  Journal                  = {Phys. Rev. Lett.},
  Year                     = {2005},
  Pages                    = {110405},
  Volume                   = {95},

  Doi                      = {10.1103/PhysRevLett.95.110405},
  Publisher                = {American Physical Society}
}

@Unpublished{DansQONotes,
  Title                    = {Quantum and Atom Optics},
  Author                   = {Steck, Daniel A.},
  Note                     = {available online at \verb|http://steck.us/alkalidata| (revision 2.1.2, 12 August 2009)}
}

@Unpublished{DansRb87,
  Title                    = {Rubidium 87 D line data},
  Author                   = {Steck, Daniel A.},
  Note                     = {available online at \verb|http://steck.us/teaching| (revision 0.5.5, 11 August 2010)},

  Keywords                 = {Dan's notes}
}

@Article{SteckPRL04_feedback_cooling,
  Title                    = {Quantum Feedback Control of Atomic Motion in an Optical Cavity},
  Author                   = {Steck, Daniel A. and Jacobs, Kurt and Mabuchi, Hideo and Bhattacharya, Tanmoy and Habib, Salman },
  Journal                  = {Phys. Rev. Lett.},
  Year                     = {2004},

  Month                    = {Jun},
  Number                   = {22},
  Pages                    = {223004},
  Volume                   = {92},

  Doi                      = {10.1103/PhysRevLett.92.223004},
  Numpages                 = {4},
  Publisher                = {American Physical Society}
}

@Article{Steck06PRA_feedback_cooling,
  Title                    = {Feedback cooling of atomic motion in cavity QED},
  Author                   = {Steck, Daniel A. and Jacobs, Kurt and Mabuchi, Hideo and Habib, Salman and Bhattacharya, Tanmoy },
  Journal                  = {Phys. Rev. A},
  Year                     = {2006},

  Month                    = {Jul},
  Number                   = {1},
  Pages                    = {012322},
  Volume                   = {74},

  Doi                      = {10.1103/PhysRevA.74.012322},
  Numpages                 = {21},
  Publisher                = {American Physical Society}
}

@Article{Strunz99PRL_nonmarkovian_trajectories,
  Title                    = {Open System Dynamics with Non-Markovian Quantum Trajectories},
  Author                   = {Strunz, Walter T. and Di\'osi, Lajos and Gisin, Nicolas },
  Journal                  = {Phys. Rev. Lett.},
  Year                     = {1999},
  Number                   = {9},
  Pages                    = {1801},
  Volume                   = {82},

  Doi                      = {10.1103/PhysRevLett.82.1801},
  Numpages                 = {4},
  Publisher                = {American Physical Society}
}

@Article{Vassilevich2003,
  Title                    = {Heat Kernel Expansion: user's manual},
  Author                   = {Vassilevich, D. V.},
  Year                     = {2003},

  __markedentry            = {[jonathan:6]},
  Archiveprefix            = {arXiv},
  Eprint                   = {0306138v3},
  Primaryclass             = {hep-th}
}

@Book{Vogel2006,
  Title                    = {Quantum Optics},
  Author                   = { Vogel, W. and Welsch, D.-G.},
  Publisher                = {Wiley-VCH},
  Year                     = {2006},
  Edition                  = {Third},

  __markedentry            = {[jonathan:6]}
}

@Article{Warszawski03,
  Title                    = {Quantum trajectories for realistic photodetection: I. General Formalism},
  Author                   = {Warszawski, P. and Wiseman, H. M.},
  Journal                  = {{J.\ Opt.\ B: Quantum Semiclass.\ Opt.\}},
  Year                     = {2003},
  Pages                    = {1},
  Volume                   = {5}
}

@Article{Weber10,
  Title                    = {Nonmonotonic Thermal Casimir Force from Geometry-Temperature Interplay},
  Author                   = {Weber, A. and Gies, H. },
  Journal                  = {Phys. Rev. Lett.},
  Year                     = {2010},
  Pages                    = {040403},
  Volume                   = {105}
}

@Article{Weber09,
  Title                    = {Interplay between geometry and temperature for inclined Casimir plates},
  Author                   = {Weber, A. and Gies, H.},
  Journal                  = {Phys. Rev. D.},
  Year                     = {2009},
  Pages                    = {065033},
  Volume                   = {80}
}

@Article{Wiseman08PRL_nonmarkovianSSE,
  Title                    = {Pure-State Quantum Trajectories for General Non-Markovian Systems Do Not Exist},
  Author                   = {Wiseman, Howard M. and Gambetta, J. M.},
  Journal                  = {Phys. Rev. Lett.},
  Year                     = {2008},

  Month                    = {Sep},
  Number                   = {14},
  Pages                    = {140401},
  Volume                   = {101},

  Doi                      = {10.1103/PhysRevLett.101.140401},
  Numpages                 = {4},
  Publisher                = {American Physical Society}
}

@Article{Wiseman97PRA_welcher_weg,
  Title                    = {Nonlocal momentum transfer in welcher Weg measurements},
  Author                   = {Wiseman, H. M. and Harrison, F. E. and Collett, M. J. and Tan, S. M. and Walls, D. F. and Killip, R. B.},
  Journal                  = {Phys. Rev. A},
  Year                     = {1997},
  Pages                    = {55},
  Volume                   = {56},

  Doi                      = {10.1103/PhysRevA.56.55},
  Publisher                = {American Physical Society}
}

@Book{Wiseman10QMAC,
  Title                    = {Quantum Measurement and Control},
  Author                   = {Wiseman, H. M. and Milburn, G. J. },
  Publisher                = {Cambridge University Press},
  Year                     = {2010},
  Edition                  = {First}
}

@Book{Zee03,
  Title                    = {Quantum Field Theory in a Nutshell},
  Author                   = {Zee, A.},
  Publisher                = {Princeton},
  Year                     = {2003},

  Keywords                 = {QFT Textbook}
}

@Article{Zhou95,
  Title                    = {van der Waals and retardation(Casimir) interactions of an electron or an atom with multilayered walls},
  Author                   = {Zhou, F. and Spruch, L.},
  Journal                  = {Phys. Rev. A},
  Year                     = {1995},
  Pages                    = {297},
  Volume                   = {52}
}

@Article{Zurek1994,
  Title                    = {Decoherence, chaos, and the second law},
  Author                   = {Zurek, Wojciech Hubert and Paz, Juan Pablo},
  Journal                  = {Phys. Rev. Lett.},
  Year                     = {1994},
  Pages                    = {2508},
  Volume                   = {72},

  __markedentry            = {[jonathan:6]}
}

@Book{Boyd85_optical_instabilities,
  Title                    = {Optical Instabilities},
  Editor                   = {Boyd and Raymer and Narducci},
  Publisher                = {Cambridge University Press},
  Year                     = {1985}
}

@Book{Dalvitbook11,
  Title                    = {Casimir Physics},
  Editor                   = {Dalvit, D. and Milonni, P. and Roberts, D. and Rosa, F.},
  Publisher                = {Springer},
  Year                     = {2011}
}

@comment{jabref-meta: groupsversion:3;}

@comment{jabref-meta: groupstree:
0 AllEntriesGroup:;
1 ExplicitGroup:Automatically created groups\;2\;;
2 KeywordGroup:Aehlig\;0\;author\;Aehlig\;0\;0\;;
2 KeywordGroup:Aksyuk\;0\;author\;Aksyuk\;0\;0\;;
2 KeywordGroup:Alton\;0\;author\;Alton\;0\;0\;;
2 KeywordGroup:Antezza\;0\;author\;Antezza\;0\;0\;;
2 KeywordGroup:Aoki\;0\;author\;Aoki\;0\;0\;;
2 KeywordGroup:Ashkin\;0\;author\;Ashkin\;0\;0\;;
2 KeywordGroup:B"uscher\;0\;author\;B"uscher\;0\;0\;;
2 KeywordGroup:Barnett\;0\;author\;Barnett\;0\;0\;;
2 KeywordGroup:Bernard\;0\;author\;Bernard\;0\;0\;;
2 KeywordGroup:Bhattacharya\;0\;author\;Bhattacharya\;0\;0\;;
2 KeywordGroup:Bishop\;0\;author\;Bishop\;0\;0\;;
2 KeywordGroup:Bordag\;0\;author\;Bordag\;0\;0\;;
2 KeywordGroup:Capasso\;0\;author\;Capasso\;0\;0\;;
2 KeywordGroup:Carmichael\;0\;author\;Carmichael\;0\;0\;;
2 KeywordGroup:Casimir\;0\;author\;Casimir\;0\;0\;;
2 KeywordGroup:Castin\;0\;author\;Castin\;0\;0\;;
2 KeywordGroup:Caves\;0\;author\;Caves\;0\;0\;;
2 KeywordGroup:Chan\;0\;author\;Chan\;0\;0\;;
2 KeywordGroup:Chang\;0\;author\;Chang\;0\;0\;;
2 KeywordGroup:Chase\;0\;author\;Chase\;0\;0\;;
2 KeywordGroup:Chiu\;0\;author\;Chiu\;0\;0\;;
2 KeywordGroup:Cirac\;0\;author\;Cirac\;0\;0\;;
2 KeywordGroup:Cohen-Tannoudji\;0\;author\;Cohen-Tannoudji\;0\;0\;;
2 KeywordGroup:Coleman\;0\;author\;Coleman\;0\;0\;;
2 KeywordGroup:Collett\;0\;author\;Collett\;0\;0\;;
2 KeywordGroup:Cornell\;0\;author\;Cornell\;0\;0\;;
2 KeywordGroup:Cui1\;0\;author\;Cui1\;0\;0\;;
2 KeywordGroup:Dalibard\;0\;author\;Dalibard\;0\;0\;;
2 KeywordGroup:Dalvit\;0\;author\;Dalvit\;0\;0\;;
2 KeywordGroup:Decca\;0\;author\;Decca\;0\;0\;;
2 KeywordGroup:Di'osi\;0\;author\;Di'osi\;0\;0\;;
2 KeywordGroup:Dietart\;0\;author\;Dietart\;0\;0\;;
2 KeywordGroup:Dirac.\;0\;author\;Dirac.\;0\;0\;;
2 KeywordGroup:Doherty\;0\;author\;Doherty\;0\;0\;;
2 KeywordGroup:Dum\;0\;author\;Dum\;0\;0\;;
2 KeywordGroup:Durrett\;0\;author\;Durrett\;0\;0\;;
2 KeywordGroup:Dzyaloshinskii\;0\;author\;Dzyaloshinskii\;0\;0\;;
2 KeywordGroup:Efremov\;0\;author\;Efremov\;0\;0\;;
2 KeywordGroup:Emig\;0\;author\;Emig\;0\;0\;;
2 KeywordGroup:Fedorov\;0\;author\;Fedorov\;0\;0\;;
2 KeywordGroup:Feibelman\;0\;author\;Feibelman\;0\;0\;;
2 KeywordGroup:Feynman\;0\;author\;Feynman\;0\;0\;;
2 KeywordGroup:Finn\;0\;author\;Finn\;0\;0\;;
2 KeywordGroup:Fischbach\;0\;author\;Fischbach\;0\;0\;;
2 KeywordGroup:Fischbacher\;0\;author\;Fischbacher\;0\;0\;;
2 KeywordGroup:G"obel\;0\;author\;G"obel\;0\;0\;;
2 KeywordGroup:Gagen\;0\;author\;Gagen\;0\;0\;;
2 KeywordGroup:Gambetta\;0\;author\;Gambetta\;0\;0\;;
2 KeywordGroup:Gardiner\;0\;author\;Gardiner\;0\;0\;;
2 KeywordGroup:Geremia\;0\;author\;Geremia\;0\;0\;;
2 KeywordGroup:Gerhard\;0\;author\;Gerhard\;0\;0\;;
2 KeywordGroup:Gies\;0\;author\;Gies\;0\;0\;;
2 KeywordGroup:Gisin\;0\;author\;Gisin\;0\;0\;;
2 KeywordGroup:Gordon\;0\;author\;Gordon\;0\;0\;;
2 KeywordGroup:Graham\;0\;author\;Graham\;0\;0\;;
2 KeywordGroup:Greiner\;0\;author\;Greiner\;0\;0\;;
2 KeywordGroup:H"orner\;0\;author\;H"orner\;0\;0\;;
2 KeywordGroup:Habib\;0\;author\;Habib\;0\;0\;;
2 KeywordGroup:Harrison\;0\;author\;Harrison\;0\;0\;;
2 KeywordGroup:Holland\;0\;author\;Holland\;0\;0\;;
2 KeywordGroup:Hooghiemstra\;0\;author\;Hooghiemstra\;0\;0\;;
2 KeywordGroup:Hung\;0\;author\;Hung\;0\;0\;;
2 KeywordGroup:Huttner\;0\;author\;Huttner\;0\;0\;;
2 KeywordGroup:Iannuzzi\;0\;author\;Iannuzzi\;0\;0\;;
2 KeywordGroup:Ibanescu\;0\;author\;Ibanescu\;0\;0\;;
2 KeywordGroup:Jackson\;0\;author\;Jackson\;0\;0\;;
2 KeywordGroup:Jacobs\;0\;author\;Jacobs\;0\;0\;;
2 KeywordGroup:Jaffe\;0\;author\;Jaffe\;0\;0\;;
2 KeywordGroup:Joannopoulos\;0\;author\;Joannopoulos\;0\;0\;;
2 KeywordGroup:Johnson\;0\;author\;Johnson\;0\;0\;;
2 KeywordGroup:Kaiser\;0\;author\;Kaiser\;0\;0\;;
2 KeywordGroup:Kardar\;0\;author\;Kardar\;0\;0\;;
2 KeywordGroup:Kenneth\;0\;author\;Kenneth\;0\;0\;;
2 KeywordGroup:Kierig\;0\;author\;Kierig\;0\;0\;;
2 KeywordGroup:Killip\;0\;author\;Killip\;0\;0\;;
2 KeywordGroup:Kimble\;0\;author\;Kimble\;0\;0\;;
2 KeywordGroup:Kirsten\;0\;author\;Kirsten\;0\;0\;;
2 KeywordGroup:Kleiman\;0\;author\;Kleiman\;0\;0\;;
2 KeywordGroup:Klich\;0\;author\;Klich\;0\;0\;;
2 KeywordGroup:Klimchitskaya\;0\;author\;Klimchitskaya\;0\;0\;;
2 KeywordGroup:Klingm"uller\;0\;author\;Klingm"uller\;0\;0\;;
2 KeywordGroup:Klingm"{u}ller\;0\;author\;Klingm"{u}ller\;0\;0\;;
2 KeywordGroup:Kouznetsov\;0\;author\;Kouznetsov\;0\;0\;;
2 KeywordGroup:Krause\;0\;author\;Krause\;0\;0\;;
2 KeywordGroup:L'opez\;0\;author\;L'opez\;0\;0\;;
2 KeywordGroup:Labeyrie\;0\;author\;Labeyrie\;0\;0\;;
2 KeywordGroup:Lambrecht\;0\;author\;Lambrecht\;0\;0\;;
2 KeywordGroup:Lamoreaux\;0\;author\;Lamoreaux\;0\;0\;;
2 KeywordGroup:Langfeld\;0\;author\;Langfeld\;0\;0\;;
2 KeywordGroup:Lee\;0\;author\;Lee\;0\;0\;;
2 KeywordGroup:Leeuwen\;0\;author\;Leeuwen\;0\;0\;;
2 KeywordGroup:Lew\;0\;author\;Lew\;0\;0\;;
2 KeywordGroup:Lifshitz\;0\;author\;Lifshitz\;0\;0\;;
2 KeywordGroup:M"uller\;0\;author\;M"uller\;0\;0\;;
2 KeywordGroup:Mo{}lmer\;0\;author\;Mo{}lmer\;0\;0\;;
2 KeywordGroup:Mabuchi\;0\;author\;Mabuchi\;0\;0\;;
2 KeywordGroup:Maggs\;0\;author\;Maggs\;0\;0\;;
2 KeywordGroup:Maia Neto\;0\;author\;Maia Neto\;0\;0\;;
2 KeywordGroup:Mandl\;0\;author\;Mandl\;0\;0\;;
2 KeywordGroup:Marksteiner\;0\;author\;Marksteiner\;0\;0\;;
2 KeywordGroup:Marte\;0\;author\;Marte\;0\;0\;;
2 KeywordGroup:McCauley\;0\;author\;McCauley\;0\;0\;;
2 KeywordGroup:Meenehan\;0\;author\;Meenehan\;0\;0\;;
2 KeywordGroup:Milburn\;0\;author\;Milburn\;0\;0\;;
2 KeywordGroup:Milonni\;0\;author\;Milonni\;0\;0\;;
2 KeywordGroup:Miniatura\;0\;author\;Miniatura\;0\;0\;;
2 KeywordGroup:Misra\;0\;author\;Misra\;0\;0\;;
2 KeywordGroup:Mohideen\;0\;author\;Mohideen\;0\;0\;;
2 KeywordGroup:Mostapenenko\;0\;author\;Mostapenenko\;0\;0\;;
2 KeywordGroup:Mourachko\;0\;author\;Mourachko\;0\;0\;;
2 KeywordGroup:Moyaerts\;0\;author\;Moyaerts\;0\;0\;;
2 KeywordGroup:Nitti\;0\;author\;Nitti\;0\;0\;;
2 KeywordGroup:Oberst\;0\;author\;Oberst\;0\;0\;;
2 KeywordGroup:Oberthaler\;0\;author\;Oberthaler\;0\;0\;;
2 KeywordGroup:Obrecht\;0\;author\;Obrecht\;0\;0\;;
2 KeywordGroup:Ostby\;0\;author\;Ostby\;0\;0\;;
2 KeywordGroup:Painter\;0\;author\;Painter\;0\;0\;;
2 KeywordGroup:Pan\;0\;author\;Pan\;0\;0\;;
2 KeywordGroup:Parkins\;0\;author\;Parkins\;0\;0\;;
2 KeywordGroup:Pasquali\;0\;author\;Pasquali\;0\;0\;;
2 KeywordGroup:Peskin\;0\;author\;Peskin\;0\;0\;;
2 KeywordGroup:Pitaevskii\;0\;author\;Pitaevskii\;0\;0\;;
2 KeywordGroup:Polder\;0\;author\;Polder\;0\;0\;;
2 KeywordGroup:Rahi\;0\;author\;Rahi\;0\;0\;;
2 KeywordGroup:Reid\;0\;author\;Reid\;0\;0\;;
2 KeywordGroup:Reinhardt\;0\;author\;Reinhardt\;0\;0\;;
2 KeywordGroup:Reynaud\;0\;author\;Reynaud\;0\;0\;;
2 KeywordGroup:Ritsch\;0\;author\;Ritsch\;0\;0\;;
2 KeywordGroup:Rodriguez\;0\;author\;Rodriguez\;0\;0\;;
2 KeywordGroup:Rosa\;0\;author\;Rosa\;0\;0\;;
2 KeywordGroup:Roy\;0\;author\;Roy\;0\;0\;;
2 KeywordGroup:Sakurai\;0\;author\;Sakurai\;0\;0\;;
2 KeywordGroup:Schaden\;0\;author\;Schaden\;0\;0\;;
2 KeywordGroup:Schleich\;0\;author\;Schleich\;0\;0\;;
2 KeywordGroup:Schlosshauer\;0\;author\;Schlosshauer\;0\;0\;;
2 KeywordGroup:Schroeder\;0\;author\;Schroeder\;0\;0\;;
2 KeywordGroup:Schwinger\;0\;author\;Schwinger\;0\;0\;;
2 KeywordGroup:Shaw\;0\;author\;Shaw\;0\;0\;;
2 KeywordGroup:Spruch\;0\;author\;Spruch\;0\;0\;;
2 KeywordGroup:Srednicki\;0\;author\;Srednicki\;0\;0\;;
2 KeywordGroup:St"utzle\;0\;author\;St"utzle\;0\;0\;;
2 KeywordGroup:Steck\;0\;author\;Steck\;0\;0\;;
2 KeywordGroup:Stern\;0\;author\;Stern\;0\;0\;;
2 KeywordGroup:Stringari\;0\;author\;Stringari\;0\;0\;;
2 KeywordGroup:Strunz\;0\;author\;Strunz\;0\;0\;;
2 KeywordGroup:Sudarshan\;0\;author\;Sudarshan\;0\;0\;;
2 KeywordGroup:Tan\;0\;author\;Tan\;0\;0\;;
2 KeywordGroup:Tian\;0\;author\;Tian\;0\;0\;;
2 KeywordGroup:Tomasi\;0\;author\;Tomasi\;0\;0\;;
2 KeywordGroup:Vahala\;0\;author\;Vahala\;0\;0\;;
2 KeywordGroup:Vassilevich\;0\;author\;Vassilevich\;0\;0\;;
2 KeywordGroup:Walls\;0\;author\;Walls\;0\;0\;;
2 KeywordGroup:Warszawski\;0\;author\;Warszawski\;0\;0\;;
2 KeywordGroup:Weber\;0\;author\;Weber\;0\;0\;;
2 KeywordGroup:White\;0\;author\;White\;0\;0\;;
2 KeywordGroup:Wild\;0\;author\;Wild\;0\;0\;;
2 KeywordGroup:Wiseman\;0\;author\;Wiseman\;0\;0\;;
2 KeywordGroup:Yakovlev\;0\;author\;Yakovlev\;0\;0\;;
2 KeywordGroup:Zee\;0\;author\;Zee\;0\;0\;;
2 KeywordGroup:Zhou\;0\;author\;Zhou\;0\;0\;;
2 KeywordGroup:Zoller\;0\;author\;Zoller\;0\;0\;;
}

